@Article{fdk,
    author = {Feldkamp, L. A. and Davis, L. C. and Kress, J. W.},
    title = {Practical cone-beam algorithm},
    journal = {Journal of the Optical Society of America A},
    year = {1984},
    volume = {1},
    number = {6},
    pages = {612-619},
    month = feb
}

@Conference{radon,
    author = {Radon, J.},
    title = {Über die Bestimmung von Funktionen durch ihre Integralwerte längs gewisser Mannigfaltigkeiten},
    booktitle = {Berichte über die Verhandlungen der Königlich Sächsischen Gesellschaft der Wissenschaften zu Leipzig,
                 Mathematisch-physische Klasse},
    organization = {Königlich Sächsische Gesellschaft der Wissenschaften zu Leipzig},
    year = {1917},
    volume = {69},
    pages = {262-277},
    month = apr
}

@Conference{roentgen,
    author = {Röntgen, W. C.},
    title = {Über eine neue Art von Strahlen. Vorläufige Mittheilung},
    booktitle = {Aus den Sitzungsberichten der Würzburger Physikalisch-medicinischen Gesellschaft 1895},
    organization = {Würzburger Physikalisch-medicinische Gesellschaft},
    year = {1895},
    pages = {137-147},
    month = dec
}

@Article{cormack63,
    author = {Cormack, A. M.},
    title = {Representation of a Function by Its Line Integrals, with Some Radiological Applications},
    journal = {Journal of Applied Physics},
    year = {1963},
    volume = {34},
    pages = {2722}
}

@Article{cormack64,
    author = {Cormack, A. M.},
    title = {Representation of a Function by Its Line Integrals, with Some Radiological Applications. II},
    journal = {Journal of Applied Physics},
    year = {1964},
    volume = {35},
    pages = {2908}
}

@Misc{cormack79,
    author = {Cormack, A. M.},
    title = {Early Two-Dimensional Reconstruction and Recent Topics Stemming from It (Nobel Lecture)},
    year = {1979},
    month = dec
}

@Book{kalender,
    author = {Kalender, W. A.},
    title = {Computertomographie: Grundlagen, Gerätetechnologie, Bildqualität, Anwendungen},
    year = {2000},
    publisher = {Publicis MCD Verlag},
    isbn = {978-3-895-78082-0}
}

@Conference{xumuell,
    author = {Xu, F. and Müller, K.},
    title = {Ultra-Fast 3D Filtered Backprojection on Commodity Graphics Hardware},
    booktitle = {IEEE International Symposium on Biomedical Imaging: Nano to Macro},
    organization = {Institute of Electrical and Electronics Engineers},
    year = {2004},
    month = apr,
    pages = {571-574}
}

@Article{lipapa,
    author = {Li, J. and Papachristou, C. and Shekhar, R.},
    title = {An FPGA-Based Computing Platform for Real-Time 3D Medical Imaging and its Application to Cone-Beam CT
             Reconstruction},
    journal = {Journal of Imaging Science and Technology},
    year = {2005},
    month = jul,
    pages = {237-245},
    volume = {49},
    number = {3}
}

@Inproceedings{knaupsteck,
    author = {Knaup, M. and Steckmann, S. and Bockenbach, O. and Kachelrieß, M.},
    title = {Tomographic image reconstruction using the cell broadband engine (CBE) general purpose hardware},
    booktitle = {Proceedings Electronic Imaging, Computational Imaging V},
    volume = {6498},
    year = {2007},
    month = feb,
    pages = {1-10},
    organization = {SPIE}
}

@Conference{scherlkeck,
    author = {Scherl, H. and Keck, B. and Kowarschik, M. and Hornegger, J.},
    title = {Fast GPU-Based CT Reconstruction using the Common Unified Device Architecture (CUDA)},
    booktitle = {IEEE Nuclear Science Symposium Conference Record},
    organization = {Institute of Electrical and Electronics Engineers},
    year = {2007},
    month = oct,
    pages = {4464-4466}
}

@Inproceedings{balgab,
    author = {Balázs, D. and Gábor, J.},
    title = {A programming model for GPU-based parallel Computing with scalability and abstraction},
    booktitle = {SCCG '09 Proceedings of the 25th Spring Conference on Computer Graphics},
    organization = {Spring Conference on Computer Graphics},
    year = {2009},
    month = apr,
    pages = {103-111}
}

@Inproceedings{hoftrei,
    author = {Hofmann, J. and Treibig, J. and Hager, G. and Wellein, G.},
    title = {Performance Engineering for a Medical Imaging Application of the Intel Xeon Phi Accelerator},
    booktitle = {2014 Workshop Proceedings},
    organization = {International Conference on Architecture of Computing Systems},
    year = {2014},
    month = feb
}

@Article{zhao,
    author = {Zhao, X. and Hu, J. and Zhang, P.},
    title = {GPU-based 3D cone-beam CT image reconstruction for large data volume},
    journal = {Journal of Biomedical Imaging},
    volume = {2009},
    number = {8},
    year = {2009}
}
